% complex networks definition, example and source
@article{boccaletti2006complex,
  title={Complex networks: Structure and dynamics},
  author={Boccaletti, Stefano and Latora, Vito and Moreno, Yamir and Chavez, Martin and Hwang, D-U},
  journal={Physics reports},
  volume={424},
  number={4},
  pages={175--308},
  year={2006},
  publisher={Elsevier}
}

% JSON definition
@article{crockford2006application,
  title={The application/json media type for javascript object notation (json)},
  author={Crockford, Douglas},
  year={2006}
}

% XMLHttpRequest definition
@article{van2007xmlhttprequest,
  title={The xmlhttprequest object},
  author={Van Kesteren, Anne and Jackson, Dean},
  journal={World Wide Web Consortium, Working Draft WD-XMLHttpRequest-20070618},
  year={2007}
}

% web scraping
@article{vargiu2012exploiting,
  title={Exploiting web scraping in a collaborative filtering-based approach to web advertising},
  author={Vargiu, Eloisa and Urru, Mirko},
  journal={Artificial Intelligence Research},
  volume={2},
  number={1},
  pages={44},
  year={2012}
}

% eccentricity definition
@article{Hage199557,
title = "Eccentricity and centrality in networks ",
journal = "Social Networks ",
volume = "17",
number = "1",
pages = "57 - 63",
year = "1995",
note = "",
issn = "0378-8733",
doi = "http://dx.doi.org/10.1016/0378-8733(94)00248-9",
url = "//www.sciencedirect.com/science/article/pii/0378873394002489",
author = "Per Hage and Frank Harary"
}
% betweenness
@article{freeman1977set,
  title={A set of measures of centrality based on betweenness},
  author={Freeman, Linton C},
  journal={Sociometry},
  pages={35--41},
  year={1977},
  publisher={JSTOR}
}


